@misc{mariadb,
  title = {MariaDB Server Documentation},
  url = {https://mariadb.com/kb/en/library/documentation/},
}
@misc{bash,
  title = {GNU Bash manual},
  url = {https://www.gnu.org/software/bash/manual/},
}

